@BOOK{DecMak,
    AUTHOR = {{Bell D.} and {Raiffa H.} and {Tversky A.}},
    TITLE = {Decision Making: Descriptive, normative and prescriptive interactions},
    PUBLISHER = {Cambridge University Press},
    YEAR = {1988}
}

@BOOK{HarDec,
	AUTHOR = {{Clement R.}},
	TITLE = {Marking Hard Decision: An introduction to decision analysis},
	PUBLISHER = {PWS-Kent Publishing Co.},
	YEAR = {1991}
}

@BOOK{UtiThe,
	AUTHOR = {{Ward E.}},
	TITLE = {Utility Theories: Measurements and Applications},
	PUBLISHER = {Kluwer Academic Publishers},
	YEAR = {1992}
}

@article{DecQua:1996,
	author = {Barron, F. Hutton and Barrett, Bruce E.},
	title = {Decision Quality Using Ranked Attribute Weights},
	journal = {Manage. Sci.},
	issue_date = {November 1996},
	volume = {42},
	number = {11},
	month = nov,
	year = {1996},
	issn = {0025-1909},
	pages = {1515--1523},
	numpages = {9},
	doi = {10.1287/mnsc.42.11.1515},
	acmid = {2777474},
	publisher = {INFORMS},
	address = {Institute for Operations Research and the Management Sciences (INFORMS), Linthicum, 
	Maryland, USA},
	keywords = {approximating weights, multiattribute decisions, partial information, weights},
} 

@ARTICLE{DecRis:1992,
	title = {Introduction: The Practice of Decision and Risk Analysis},
	author = {Bodily, Samuel E.},
	year = {1992},
	journal = {Interfaces},
	volume = {22},
	number = {6},
	pages = {1-4},
	keywords = {decision analysis},
	doi={10.1287/inte.22.6.1},
	address = {Institute for Operations Research and the Management Sciences (INFORMS), Linthicum, 
	Maryland, USA},
	publisher = {INFORMS}
}
